<?xml version="1.0" encoding="UTF-8"?><record xmlns="http://www.loc.gov/MARC21/slim" xmlns:cinclude="http://apache.org/cocoon/include/1.0" xmlns:zs="http://www.loc.gov/zing/srw/">
  <leader>00764cz  a2200157n  4500</leader>
  <controlfield tag="001">n 2007203461</controlfield>
  <controlfield tag="003">DLC</controlfield>
  <controlfield tag="005">20120817075808.0</controlfield>
  <controlfield tag="008">070926n| acannaabn          |a ana      </controlfield>
  <datafield tag="010" ind1=" " ind2=" ">
    <subfield code="a">n 2007203461</subfield>
  </datafield>
  <datafield tag="040" ind1=" " ind2=" ">
    <subfield code="a">DLC</subfield>
    <subfield code="b">eng</subfield>
    <subfield code="c">DLC</subfield>
    <subfield code="d">DLC</subfield>
  </datafield>
  <datafield tag="111" ind1="2" ind2=" ">
    <subfield code="a">Roundtable Discussion on ASEAN-China Relations</subfield>
    <subfield code="d">(2006 :</subfield>
    <subfield code="c">Singapore)</subfield>
  </datafield>
  <datafield tag="411" ind1="2" ind2=" ">
    <subfield code="a">Discussion on ASEAN-China Relations, Roundtable</subfield>
  </datafield>
  <datafield tag="411" ind1="2" ind2=" ">
    <subfield code="a">Symposium of ASEAN-China Relations: Harmony and Development</subfield>
    <subfield code="d">(2006 :</subfield>
    <subfield code="c">Singapore)</subfield>
  </datafield>
  <datafield tag="667" ind1=" " ind2=" ">
    <subfield code="a">THIS 1XX FIELD CANNOT BE USED UNDER RDA UNTIL THIS RECORD HAS BEEN REVIEWED AND/OR UPDATED</subfield>
  </datafield>
  <datafield tag="670" ind1=" " ind2=" ">
    <subfield code="a">Harmony and development, c2007:</subfield>
    <subfield code="b">p. 159 (Roundtable Discussion on ASEAN-China Relations; Symposium of ASEAN-China Relations: Harmony and Development; held Dec. 18, 2006 in Singapore)</subfield>
  </datafield>
</record>